@article{Turing1936,
  title={On computable numbers, with an application to the Entscheidungsproblem},
  author={Turing, Alan Mathison},
  journal={J. of Math},
  volume={58},
  pages={345--363},
  year={1936}
}

@inproceedings{kong2014novel,
  title={A novel method for shoeprint recognition in crime scenes},
  author={Kong, Xiangbin and Yang, Chunyu and Zheng, Fengde},
  booktitle={Chinese Conference on Biometric Recognition},
  pages={498--505},
  year={2014},
  organization={Springer}
}

@article{alexandre1996computerized,
  title={Computerized classification of the shoeprints of burglars' soles},
  author={Alexandre, Girod},
  journal={Forensic Science International},
  volume={82},
  number={1},
  pages={59--65},
  year={1996},
  publisher={Elsevier}
}

@inproceedings{gueham2008automatic,
  title={Automatic recognition of shoeprints using Fourier-Mellin transform},
  author={Gueham, Mourad and Bouridane, Ahmed and Crookes, Danny and Nibouche, Omar},
  booktitle={2008 NASA/ESA Conference on Adaptive Hardware and Systems},
  pages={487--491},
  year={2008},
  organization={IEEE}
}

@inproceedings{wang2014automatic,
  title={Automatic shoeprint retrieval algorithm for real crime scenes},
  author={Wang, Xinnian and Sun, Huihui and Yu, Qing and Zhang, Chi},
  booktitle={Asian Conference on Computer Vision},
  pages={399--413},
  year={2014},
  organization={Springer}
}

@article{rida2019forensic,
  title={Forensic Shoe-print Identification: A Brief Survey},
  author={Rida, Imad and Bakshi, Sambit and Chang, Xiaojun and Proenca, Hugo},
  journal={arXiv preprint arXiv:1901.01431},
  year={2019}
}

@inproceedings{kortylewski2014unsupervised,
  title={Unsupervised footwear impression analysis and retrieval from crime scene data},
  author={Kortylewski, Adam and Albrecht, Thomas and Vetter, Thomas},
  booktitle={Asian conference on computer vision},
  pages={644--658},
  year={2014},
  organization={Springer}
}

@inproceedings{tang2010footwear,
  title={Footwear print retrieval system for real crime scene marks},
  author={Tang, Yi and Srihari, Sargur N and Kasiviswanathan, Harish and Corso, Jason J},
  booktitle={International workshop on computational forensics},
  pages={88--100},
  year={2010},
  organization={Springer}
}

@article{alizadeh2017automatic,
  title={Automatic retrieval of shoeprint images using blocked sparse representation},
  author={Alizadeh, Sayyad and Kose, Cemal},
  journal={Forensic science international},
  volume={277},
  pages={103--114},
  year={2017},
  publisher={Elsevier}
}

@misc{katireddy2017novel,
  title={A Novel Shoeprint Enhancement method for Forensic Evidence Using Sparse Representation method.},
  author={Katireddy, Harshitha Reddy and Sidda, Sreemanth},
  year={2017}
}

@inproceedings{dardi2009texture,
  title={A texture based shoe retrieval system for shoe marks of real crime scenes},
  author={Dardi, Francesca and Cervelli, Federico and Carrato, Sergio},
  booktitle={International Conference on Image Analysis and Processing},
  pages={384--393},
  year={2009},
  organization={Springer}
}

@article{de2005automated,
  title={Automated processing of shoeprint images based on the Fourier transform for use in forensic science},
  author={De Chazal, Philip and Flynn, John and Reilly, Richard B},
  journal={IEEE Transactions on Pattern Analysis \& Machine Intelligence},
  number={3},
  pages={341--350},
  year={2005},
  publisher={IEEE}
}

